<record><leader>06880cam a2200637 i 4500</leader><controlfield tag="001">6706302</controlfield><controlfield tag="003">OCoLC</controlfield><controlfield tag="005">20141008131106.0</controlfield><controlfield tag="006">m     o  d        </controlfield><controlfield tag="007">cr |n|</controlfield><controlfield tag="008">140911t20152015paua    ob    001 0 eng d</controlfield><datafield ind1=" " ind2=" " tag="020"><subfield code="z">9781455751341 (single-volume : hardcover : alk. paper)</subfield></datafield><datafield ind1=" " ind2=" " tag="020"><subfield code="z">1455751340 (single-volume : hardcover : alk. paper)</subfield></datafield><datafield ind1=" " ind2=" " tag="020"><subfield code="z">9781455751334 (two-volume set : hardcover : alk. paper)</subfield></datafield><datafield ind1=" " ind2=" " tag="020"><subfield code="z">1455751332 (two-volume set : hardcover : alk. paper)</subfield></datafield><datafield ind1=" " ind2=" " tag="020"><subfield code="z">9996096335 (volume 1 : hardcover : alk. paper)</subfield></datafield><datafield ind1=" " ind2=" " tag="020"><subfield code="z">9789996096334 (volume 1 : hardcover : alk. paper)</subfield></datafield><datafield ind1=" " ind2=" " tag="020"><subfield code="z">9996096394 (volume 2 : hardcover : alk. paper)</subfield></datafield><datafield ind1=" " ind2=" " tag="020"><subfield code="z">9789996096396 (volume 2 : hardcover : alk. paper)</subfield></datafield><datafield ind1=" " ind2=" " tag="020"><subfield code="z">9780323294294 (international edition : hardcover : alk. paper)</subfield></datafield><datafield ind1=" " ind2=" " tag="020"><subfield code="z">0323294294 (international edition : hardcover : alk. paper)</subfield></datafield><datafield ind1=" " ind2=" " tag="035"><subfield code="a">ocn890409638</subfield></datafield><datafield ind1=" " ind2=" " tag="039"><subfield code="a">exclude</subfield></datafield><datafield ind1=" " ind2=" " tag="040"><subfield code="a">MMU</subfield><subfield code="b">eng</subfield><subfield code="e">rda</subfield><subfield code="e">pn</subfield><subfield code="c">MMU</subfield><subfield code="d">MMU</subfield><subfield code="d">CUS</subfield><subfield code="d">OPELS</subfield><subfield code="d">COU</subfield><subfield code="d">OPELS</subfield><subfield code="d">BUF</subfield><subfield code="d">WAU</subfield><subfield code="d">AEU</subfield></datafield><datafield ind1=" " ind2="4" tag="050"><subfield code="a">RC681</subfield></datafield><datafield ind1=" " ind2="4" tag="060"><subfield code="a">WG 210</subfield></datafield><datafield ind1="0" ind2="4" tag="082"><subfield code="a">616.1/2</subfield><subfield code="2">23</subfield></datafield><datafield ind1=" " ind2=" " tag="090"><subfield code="a">Internet Access</subfield><subfield code="b">AEU</subfield></datafield><datafield ind1="0" ind2="0" tag="245"><subfield code="a">Braunwald's heart disease :</subfield><subfield code="b">a textbook of cardiovascular medicine /</subfield><subfield code="c">edited by Douglas L. Mann, Douglas P. Zipes, Peter Libby, Robert O. Bonow ; founding editor and online editor Eugene Braunwald.</subfield></datafield><datafield ind1="1" ind2=" " tag="246"><subfield code="a">Heart disease</subfield></datafield><datafield ind1=" " ind2=" " tag="250"><subfield code="a">Tenth edition.</subfield></datafield><datafield ind1=" " ind2="1" tag="264"><subfield code="a">Philadelphia, PA :</subfield><subfield code="b">Elsevier/Saunders,</subfield><subfield code="c">[2015]</subfield></datafield><datafield ind1=" " ind2="4" tag="264"><subfield code="c">&#169;2015</subfield></datafield><datafield ind1=" " ind2=" " tag="300"><subfield code="a">1 online resource (xxvii, 1943, 3 pages) :</subfield><subfield code="b">illustrations (chiefly color), color maps</subfield></datafield><datafield ind1=" " ind2=" " tag="336"><subfield code="a">text</subfield><subfield code="b">txt</subfield><subfield code="2">rdacontent</subfield></datafield><datafield ind1=" " ind2=" " tag="337"><subfield code="a">computer</subfield><subfield code="b">c</subfield><subfield code="2">rdamedia</subfield></datafield><datafield ind1=" " ind2=" " tag="338"><subfield code="a">online resource</subfield><subfield code="b">cr</subfield><subfield code="2">rdacarrier</subfield></datafield><datafield ind1=" " ind2=" " tag="500"><subfield code="a">Preceded by Braunwald's heart disease / edited by Robert O. Bonow ... [et al.] ; founding editor and online editor Eugene Braunwald. c2012.</subfield></datafield><datafield ind1=" " ind2=" " tag="504"><subfield code="a">Includes bibliographical references and index.</subfield></datafield><datafield ind1="0" ind2=" " tag="505"><subfield code="a">Global burden of cardiovascular disease -- Heart disease in varied populations -- Ethics in cardiovascular medicine -- Clinical decision making in cardiology -- Measurement and improvement of quality of care : relevance to cardiovascular clinical practice -- Critical evaluation of clinical trials -- Personalized and precision cardiovascular medicine -- Principles of cardiovascular genetics -- Drug therapeutics and personalized medicine -- Biomarkers, proteomics, metabolomics, and personalized medicine -- The history and physical examination : an evidence-based approach -- Electrocardiography -- Exercise testing -- Echocardiography -- The chest radiograph in cardiovascular disease -- Nuclear cardiology -- Cardiovascular magnetic resonance imaging -- Cardiac computed tomography -- Cardiac catheterization -- Coronary arteriography and intracoronary imaging -- Mechanisms of cardiac contraction and relaxation -- Pathophysiology of heart failure -- Clinical assessment of heart failure -- Diagnosis and management of acute heart failure -- Management of patients with heart failure with reduced ejection fraction -- Devices for monitoring and managing heart failure -- Heart failure with a preserved ejection fraction -- Surgical management of heart failure -- Mechanical circulatory support -- Cardiovascular regeneration and gene therapy -- Care of patients with end-stage heart disease -- Genetics of cardiac arrhythmias -- Genesis of cardiac arrhythmias : electrophysiologic considerations -- Diagnosis of cardiac arrhythmias -- Therapy for cardiac arrhythmias -- Pacemakers and implantable cardioverter-defibrillators -- Specific arrhythmias : diagnosis and treatment -- Atrial fibrillation : clinical features, mechanisms, and management -- Cardiac arrest and sudden cardiac death -- Hypotension and syncope -- The vascular biology of atherosclerosis -- Risk markers and the primary prevention of cardiovascular disease -- Systemic hypertension : mechanisms and diagnosis -- Systemic hypertension : management -- Lipoprotein disorders and cardiovascular disease -- Nutrition and cardiovascular and metabolic diseases -- Exercise-based, comprehensive cardiac rehabilitation -- Integrative approaches to the management of patients with heart disease -- Coronary blood flow and myocardial ischemia -- Approach to the patient with chest pain -- ST-elevation myocardial infarction : pathology, pathophysiology, and clinical features -- ST-elevation myocardial infarction : management.</subfield></datafield><datafield ind1="0" ind2=" " tag="505"><subfield code="a">Non-ST elevation acute coronary syndromes -- Stable ischemic heart disease -- Percutaneous coronary intervention -- Transcatheter therapies for structural heart disease in adults -- Diseases of the aorta -- Peripheral artery diseases -- Prevention and management of ischemic stroke -- Treatment of noncoronary obstructive vascular disease -- Diabetes and the cardiovascular system -- Congenital heart disease -- Valvular heart disease -- Cardiovascular infections -- The dilated, restrictive, and infiltrative cardiomyopathies -- Hypertrophic cardiomyopathy -- Myocarditis -- Chemical cardiomyopathies -- Cardiovascular complications of cancer therapeutic agents -- Cardiovascular abnormalities in HIV-infected individuals -- Pericardial diseases -- Traumatic heart disease -- Pulmonary embolism -- Pulmonary hypertension -- Sleep apnea and cardiovascular disease -- Cardiovascular disease in the elderly -- Cardiovascular disease in women -- Pregnancy and heart disease -- Exercise and sports cardiology -- Anesthesia and noncardiac surgery in patients with heart disease -- Endocrine disorders and cardiovascular disease -- Hemostasis, thrombosis, fibrinolysis, and cardiovascular disease -- Rheumatic fever -- Rheumatic diseases and the cardiovascular system -- Tumors affecting the cardiovascular system -- Psychiatric and behavioral aspects of cardiovascular disease -- Neurologic disorders and cardiovascular disease -- Interface between renal disease and cardiovascular illness -- Cardiovascular manifestations of autonomic disorders.</subfield></datafield><datafield ind1=" " ind2=" " tag="506"><subfield code="a">Access restricted to authorized users and institutions.</subfield></datafield><datafield ind1=" " ind2=" " tag="588"><subfield code="a">Description based on online resource; title from digital title page (Clinical Key, viewed on September 11, 2014).</subfield></datafield><datafield ind1=" " ind2=" " tag="596"><subfield code="a">44</subfield></datafield><datafield ind1="1" ind2="2" tag="650"><subfield code="a">Heart Diseases.</subfield></datafield><datafield ind1="2" ind2="2" tag="650"><subfield code="a">Cardiovascular Diseases.</subfield></datafield><datafield ind1=" " ind2="0" tag="650"><subfield code="a">Heart</subfield><subfield code="x">Diseases.</subfield></datafield><datafield ind1=" " ind2="0" tag="650"><subfield code="a">Cardiology.</subfield></datafield><datafield ind1="1" ind2=" " tag="700"><subfield code="a">Mann, Douglas L.,</subfield><subfield code="e">editor.</subfield></datafield><datafield ind1="1" ind2=" " tag="700"><subfield code="a">Zipes, Douglas P.,</subfield><subfield code="e">editor.</subfield></datafield><datafield ind1="1" ind2=" " tag="700"><subfield code="a">Libby, Peter,</subfield><subfield code="e">editor.</subfield></datafield><datafield ind1="1" ind2=" " tag="700"><subfield code="a">Bonow, Robert O.,</subfield><subfield code="e">editor.</subfield></datafield><datafield ind1="1" ind2=" " tag="700"><subfield code="a">Braunwald, Eugene,</subfield><subfield code="d">1929- ,</subfield><subfield code="e">editor.</subfield></datafield><datafield ind1="4" ind2="0" tag="856"><subfield code="3">University of Alberta Access</subfield><subfield code="u">https://www.clinicalkey.com/dura/browse/bookChapter/3-s2.0-C2012001143X</subfield><subfield code="z">(Unlimited Concurrent Users)</subfield></datafield><datafield ind1=" " ind2=" " tag="949"><subfield code="h">UAIN</subfield><subfield code="z">CKEY</subfield></datafield><datafield ind1=" " ind2=" " tag="926"><subfield code="a">Internet Access</subfield><subfield code="w">LC</subfield><subfield code="c">1</subfield><subfield code="i">6706302-1001</subfield><subfield code="l">INTERNET</subfield><subfield code="m">UAINTERNET</subfield><subfield code="r">Y</subfield><subfield code="s">Y</subfield><subfield code="t">E-RESOURCE</subfield><subfield code="u">10/10/2014</subfield><subfield code="x">E-BOOK</subfield><subfield code="z">CKEY</subfield></datafield></record>